<record><leader>00000cas a22000007a 4500</leader><controlfield tag="001">12087137</controlfield><controlfield tag="008">850528d18781908wiuwr ne      0    0eng d</controlfield><datafield ind1=" " ind2=" " tag="010"><subfield code="a">sn 85040760 </subfield></datafield><datafield ind1=" " ind2=" " tag="040"><subfield code="a">NPV</subfield><subfield code="b">eng</subfield><subfield code="c">NPV</subfield><subfield code="d">OCLCQ</subfield></datafield><datafield ind1=" " ind2=" " tag="042"><subfield code="a">msc</subfield></datafield><datafield ind1="0" ind2="0" tag="245"><subfield code="a">Waupaca post.</subfield></datafield><datafield ind1=" " ind2=" " tag="260"><subfield code="a">Waupaca, Wis. :</subfield><subfield code="b">Ogden &amp; Pitcher,</subfield><subfield code="c">1878-1908.</subfield></datafield><datafield ind1=" " ind2=" " tag="300"><subfield code="a">31 v. :</subfield><subfield code="b">ill.</subfield></datafield><datafield ind1=" " ind2=" " tag="310"><subfield code="a">Weekly</subfield></datafield><datafield ind1="0" ind2=" " tag="362"><subfield code="a">Vol. 1, no. 1 (Jan. 19, 1878)-v. 31, no. 51 (Dec. 24, 1908).</subfield></datafield><datafield ind1=" " ind2=" " tag="500"><subfield code="a">Publisher varies.</subfield></datafield><datafield ind1=" " ind2=" " tag="525"><subfield code="a">Supplements accompany some issues.</subfield></datafield><datafield ind1=" " ind2=" " tag="752"><subfield code="a">United States</subfield><subfield code="b">Wisconsin</subfield><subfield code="c">Waupaca</subfield><subfield code="d">Waupaca.</subfield></datafield><datafield ind1="0" ind2="7" tag="785"><subfield code="t">Waupaca republican</subfield><subfield code="w">(DLC)sn 86086334</subfield></datafield><datafield ind1="0" ind2="7" tag="785"><subfield code="t">Waupaca republican-post</subfield><subfield code="w">(DLC)sn 86086335</subfield></datafield></record>